@article{gibiansky2017bringing,
	title={Bringing HPC techniques to deep learning},
	author={Gibiansky, Andrew},
	journal={Baidu Research, Tech. Rep.},
	year={2017}
}
@article{sergeev2018horovod,
	title={Horovod: fast and easy distributed deep learning in TensorFlow},
	author={Sergeev, Alexander and Del Balso, Mike},
	journal={arXiv preprint arXiv:1802.05799},
	year={2018}
}
@inproceedings{cai2021synthesizing,
	title={Synthesizing optimal collective algorithms},
	author={Cai, Zixian and Liu, Zhengyang and Maleki, Saeed and Musuvathi, Madanlal and Mytkowicz, Todd and Nelson, Jacob and Saarikivi, Olli},
	booktitle={Proceedings of the 26th ACM SIGPLAN Symposium on Principles and Practice of Parallel Programming},
	pages={62--75},
	year={2021}
}
@Misc{allreduce,
	howpublished = {\url{https://zhuanlan.zhihu.com/p/79030485}},
	title = {腾讯机智团队分享--AllReduce算法的前世今生},
}
