@inproceedings{iwashita2012algebraic,
	title={Algebraic block multi-color ordering method for parallel multi-threaded sparse triangular solver in ICCG method},
	author={Iwashita, Takeshi and Nakashima, Hiroshi and Takahashi, Yasuhito},
	booktitle={2012 IEEE 26th International Parallel and Distributed Processing Symposium},
	pages={474--483},
	year={2012},
	organization={IEEE}
}

@article{liu2016623,
	title={623 Tflop/s HPCG run on Tianhe-2: Leveraging millions of hybrid cores},
	author={Liu, Yiqun and Yang, Chao and Liu, Fangfang and Zhang, Xianyi and Lu, Yutong and Du, Yunfei and Yang, Canqun and Xie, Min and Liao, Xiangke},
	journal={The International Journal of High Performance Computing Applications},
	volume={30},
	number={1},
	pages={39--54},
	year={2016},
	publisher={SAGE Publications Sage UK: London, England}
}
@inproceedings{park2014efficient,
	title={Efficient shared-memory implementation of high-performance conjugate gradient benchmark and its application to unstructured matrices},
	author={Park, Jongsoo and Smelyanskiy, Mikhail and Vaidyanathan, Karthikeyan and Heinecke, Alexander and Kalamkar, Dhiraj D and Liu, Xing and Patwary, Md Mosotofa Ali and Lu, Yutong and Dubey, Pradeep},
	booktitle={SC'14: Proceedings of the International Conference for High Performance Computing, Networking, Storage and Analysis},
	pages={945--955},
	year={2014},
	organization={IEEE}
}
@article{liu2016623,
	title={623 Tflop/s HPCG run on Tianhe-2: Leveraging millions of hybrid cores},
	author={Liu, Yiqun and Yang, Chao and Liu, Fangfang and Zhang, Xianyi and Lu, Yutong and Du, Yunfei and Yang, Canqun and Xie, Min and Liao, Xiangke},
	journal={The International Journal of High Performance Computing Applications},
	volume={30},
	number={1},
	pages={39--54},
	year={2016},
	publisher={SAGE Publications Sage UK: London, England}
}
@inproceedings{zhu2021enabling,
	title={Enabling and scaling the HPCG benchmark on the newest generation Sunway supercomputer with 42 million heterogeneous cores},
	author={Zhu, Qianchao and Luo, Hao and Yang, Chao and Ding, Mingshuo and Yin, Wanwang and Yuan, Xinhui},
	booktitle={Proceedings of the International Conference for High Performance Computing, Networking, Storage and Analysis},
	pages={1--13},
	year={2021}
}
@misc{CS515,
	author        = {Robert D. Skeel},
	title         = {Lecture notes on relaxation methods},
	month         = {February},
	year          = {2006},
	publisher={Department of Computer Science, Purdue University}
}
@book{seidel1873ueber,
	title={Ueber ein verfahren, die gleichungen, auf welche die methode der kleinsten quadrate f{\"u}hrt, sowie line{\"a}re gleichungen {\"u}berhaupt, durch successive ann{\"a}herung aufzul{\"o}sen},
	author={Seidel, Philipp Ludwig},
	volume={11},
	year={1873},
	publisher={Verlag d. Akad.}
}
@misc{golub1996matrix,
	title={Matrix computations. Johns Hopkins studies in the mathematical sciences},
	author={Golub, Gene H and Van Loan, Charles F},
	year={1996},
	publisher={Johns Hopkins University Press, Baltimore, MD,}
}